<record><leader>00000cas a22000007a 4500</leader><controlfield tag="001">9927801</controlfield><controlfield tag="008">830920d18251910nyuwr ne      0    0eng d</controlfield><datafield ind1=" " ind2=" " tag="010"><subfield code="a">sn 83031618 </subfield></datafield><datafield ind1=" " ind2=" " tag="040"><subfield code="a">NPU</subfield><subfield code="b">eng</subfield><subfield code="c">NPU</subfield><subfield code="d">NPX</subfield><subfield code="d">DLC</subfield><subfield code="d">NPX</subfield><subfield code="d">NYG</subfield><subfield code="d">NYS</subfield><subfield code="d">NYG</subfield><subfield code="d">NYS</subfield><subfield code="d">OCL</subfield><subfield code="d">KRTAS</subfield><subfield code="d">OCLCQ</subfield><subfield code="d">OCLCF</subfield><subfield code="d">OCLCO</subfield></datafield><datafield ind1=" " ind2=" " tag="042"><subfield code="a">msc</subfield></datafield><datafield ind1=" " ind2=" " tag="043"><subfield code="a">n-us-ny</subfield></datafield><datafield ind1="0" ind2="0" tag="050"><subfield code="a">Newspaper 8829-X</subfield></datafield><datafield ind1="0" ind2="0" tag="245"><subfield code="a">Sandy-Hill herald.</subfield></datafield><datafield ind1=" " ind2=" " tag="260"><subfield code="a">Sandy Hill, N.Y. :</subfield><subfield code="b">James Wright</subfield></datafield><datafield ind1=" " ind2=" " tag="300"><subfield code="a">v. :</subfield><subfield code="b">ill. ;</subfield><subfield code="c">49-71 cm.</subfield></datafield><datafield ind1=" " ind2=" " tag="310"><subfield code="a">Weekly</subfield></datafield><datafield ind1="1" ind2=" " tag="362"><subfield code="a">Began in 1825?</subfield><subfield code="z">Cf. Gregory, W. Amer. newspapers.</subfield></datafield><datafield ind1="0" ind2=" " tag="362"><subfield code="a">-v. 87, no. 10 (Mar. 10, 1910).</subfield></datafield><datafield ind1=" " ind2=" " tag="500"><subfield code="a">Published as: Sandy Hill herald, &lt;1854-1876&gt;.</subfield></datafield><datafield ind1=" " ind2=" " tag="500"><subfield code="a">Publishers: James Wright, &lt;1827-1829&gt;; James &amp; John N. Wright, &lt;1829&gt;; James Wright, &lt;1829-1831&gt;; J. Wright, &lt;Apr. 21, 1831-Dec. 16, 1834&gt;; James Wright, &lt;1835-1841&gt;; E.D. Baker, &lt;June 20, 1854-1859&gt;; Brown &amp; Dwyer, &lt;1867&gt;; John Dwyer, &lt;1873-1876&gt;.</subfield></datafield><datafield ind1=" " ind2=" " tag="500"><subfield code="a">Sandy Hill name changed to Hudson Falls, ca. 1901-1910.</subfield></datafield><datafield ind1=" " ind2=" " tag="500"><subfield code="a">Democratic, 1825-1865; Republican, 1865-1910. Cf. Hill, W.H. Brief hist. of the printing press in Washington, Saratoga and Warren Counties ...</subfield></datafield><datafield ind1=" " ind2=" " tag="500"><subfield code="a">Special Anniversary Ed.: June 1888.</subfield></datafield><datafield ind1=" " ind2=" " tag="588"><subfield code="a">Description based on: Vol. 3, no. 41 (Feb. 27, 1827).</subfield></datafield><datafield ind1=" " ind2="0" tag="651"><subfield code="a">Hudson Falls (N.Y.)</subfield><subfield code="v">Newspapers.</subfield></datafield><datafield ind1=" " ind2="0" tag="651"><subfield code="a">Sandy Hill (N.Y.)</subfield><subfield code="v">Newspapers.</subfield></datafield><datafield ind1=" " ind2="0" tag="651"><subfield code="a">Washington County (N.Y.)</subfield><subfield code="v">Newspapers.</subfield></datafield><datafield ind1=" " ind2="7" tag="655"><subfield code="a">Newspapers.</subfield><subfield code="2">fast</subfield><subfield code="0">(OCoLC)fst01423814</subfield></datafield><datafield ind1=" " ind2="7" tag="651"><subfield code="a">New York (State)</subfield><subfield code="z">Hudson Falls.</subfield><subfield code="2">fast</subfield><subfield code="0">(OCoLC)fst01220239</subfield></datafield><datafield ind1=" " ind2="7" tag="651"><subfield code="a">New York (State)</subfield><subfield code="z">Sandy Hill.</subfield><subfield code="2">fast</subfield><subfield code="0">(OCoLC)fst01263464</subfield></datafield><datafield ind1=" " ind2="7" tag="651"><subfield code="a">New York (State)</subfield><subfield code="z">Washington County.</subfield><subfield code="2">fast</subfield><subfield code="0">(OCoLC)fst01220667</subfield></datafield><datafield ind1=" " ind2=" " tag="752"><subfield code="a">United States</subfield><subfield code="b">New York</subfield><subfield code="c">Washington</subfield><subfield code="d">Hudson Falls.</subfield></datafield><datafield ind1=" " ind2=" " tag="752"><subfield code="a">United States</subfield><subfield code="b">New York</subfield><subfield code="c">Washington</subfield><subfield code="d">Sandy Hill.</subfield></datafield><datafield ind1="0" ind2="0" tag="780"><subfield code="t">Herald (Sandy Hill, N.Y.)</subfield><subfield code="w">(DLC)sn 87070342</subfield></datafield><datafield ind1="0" ind2="0" tag="785"><subfield code="t">Herald (Hudson Falls, N.Y.)</subfield><subfield code="w">(DLC)sn 84031815</subfield></datafield><datafield ind1=" " ind2=" " tag="938"><subfield code="a">Kirtas Technologies, Inc.</subfield><subfield code="b">KRTS</subfield><subfield code="n">737456</subfield></datafield></record>